[gd_scene load_steps=31 format=2]

[ext_resource path="res://Assets/Spritesheet/Player/Idle.png" type="Texture" id=1]
[ext_resource path="res://Scenes/Health.tscn" type="PackedScene" id=2]
[ext_resource path="res://Assets/Spritesheet/Player/FullHeal.png" type="Texture" id=3]
[ext_resource path="res://Assets/Spritesheet/Player/Hurt.png" type="Texture" id=4]
[ext_resource path="res://Assets/SFX/mixkit-metal-hit-woosh-1485.ogg" type="AudioStream" id=5]
[ext_resource path="res://Assets/BGM/sci_fi_platformer04_main_loop.ogg" type="AudioStream" id=6]
[ext_resource path="res://Assets/SFX/hurt.ogg" type="AudioStream" id=7]
[ext_resource path="res://Assets/Fonts/CooldownFont.tres" type="DynamicFont" id=8]
[ext_resource path="res://Scripts/HealLabel.gd" type="Script" id=9]
[ext_resource path="res://Assets/Icons/Health potion.png" type="Texture" id=10]
[ext_resource path="res://Assets/Icons/medkit.png" type="Texture" id=11]
[ext_resource path="res://Scripts/FullHealLabel.gd" type="Script" id=12]
[ext_resource path="res://Scripts/Player.gd" type="Script" id=21]
[ext_resource path="res://Assets/Spritesheet/Player/Run.png" type="Texture" id=65]
[ext_resource path="res://Assets/Spritesheet/Player/Attacks.png" type="Texture" id=66]
[ext_resource path="res://Assets/Spritesheet/Player/Jump.png" type="Texture" id=67]
[ext_resource path="res://Assets/Spritesheet/Player/Health.png" type="Texture" id=68]
[ext_resource path="res://Assets/Spritesheet/Player/Death.png" type="Texture" id=69]

[sub_resource type="Animation" id=1]
resource_name = "Attack"
length = 0.4
tracks/0/type = "value"
tracks/0/path = NodePath("Attack:frame")
tracks/0/interp = 1
tracks/0/loop_wrap = true
tracks/0/imported = false
tracks/0/enabled = true
tracks/0/keys = {
"times": PoolRealArray( 0, 0.1, 0.2, 0.3 ),
"transitions": PoolRealArray( 1, 1, 1, 1 ),
"update": 1,
"values": [ 6, 7, 8, 9 ]
}

[sub_resource type="Animation" id=2]
resource_name = "Death"
length = 0.8
step = 0.2
tracks/0/type = "value"
tracks/0/path = NodePath("Death:frame")
tracks/0/interp = 1
tracks/0/loop_wrap = true
tracks/0/imported = false
tracks/0/enabled = true
tracks/0/keys = {
"times": PoolRealArray( 0, 0.2, 0.4, 0.6 ),
"transitions": PoolRealArray( 1, 1, 1, 1 ),
"update": 1,
"values": [ 0, 1, 2, 3 ]
}

[sub_resource type="Animation" id=3]
resource_name = "Fall"
step = 0.2
tracks/0/type = "value"
tracks/0/path = NodePath("Fall:frame")
tracks/0/interp = 1
tracks/0/loop_wrap = true
tracks/0/imported = false
tracks/0/enabled = true
tracks/0/keys = {
"times": PoolRealArray( 0, 0.2, 0.4, 0.6, 0.8 ),
"transitions": PoolRealArray( 1, 1, 1, 1, 1 ),
"update": 1,
"values": [ 3, 4, 5, 6, 7 ]
}

[sub_resource type="Animation" id=4]
resource_name = "FullHeal"
length = 4.0
step = 0.2
tracks/0/type = "value"
tracks/0/path = NodePath("FullHeal:frame")
tracks/0/interp = 1
tracks/0/loop_wrap = true
tracks/0/imported = false
tracks/0/enabled = true
tracks/0/keys = {
"times": PoolRealArray( 0, 0.2, 0.4, 0.6, 0.8, 1, 1.2, 1.4, 1.6, 1.8, 2, 2.2, 2.4, 2.6, 2.8, 3, 3.2, 3.4, 3.6, 3.8 ),
"transitions": PoolRealArray( 1, 1, 1, 1, 1, 1, 1, 1, 1, 1, 1, 1, 1, 1, 1, 1, 1, 1, 1, 1 ),
"update": 1,
"values": [ 0, 1, 2, 3, 4, 5, 6, 7, 8, 9, 10, 11, 12, 13, 14, 15, 16, 17, 18, 19 ]
}

[sub_resource type="Animation" id=5]
length = 2.4
step = 0.3
tracks/0/type = "value"
tracks/0/path = NodePath("Heal:frame")
tracks/0/interp = 1
tracks/0/loop_wrap = true
tracks/0/imported = false
tracks/0/enabled = true
tracks/0/keys = {
"times": PoolRealArray( 0, 0.3, 0.6, 0.9, 1.2, 1.5, 1.8, 2.1 ),
"transitions": PoolRealArray( 1, 1, 1, 1, 1, 1, 1, 1 ),
"update": 1,
"values": [ 0, 1, 2, 3, 4, 5, 6, 7 ]
}

[sub_resource type="Animation" id=6]
resource_name = "Hurt"
length = 0.3
tracks/0/type = "value"
tracks/0/path = NodePath("Hurt:frame")
tracks/0/interp = 1
tracks/0/loop_wrap = true
tracks/0/imported = false
tracks/0/enabled = true
tracks/0/keys = {
"times": PoolRealArray( 0, 0.1, 0.2 ),
"transitions": PoolRealArray( 1, 1, 1 ),
"update": 1,
"values": [ 0, 1, 2 ]
}

[sub_resource type="Animation" id=7]
length = 1.6
step = 0.2
tracks/0/type = "value"
tracks/0/path = NodePath("Idle:frame")
tracks/0/interp = 1
tracks/0/loop_wrap = true
tracks/0/imported = false
tracks/0/enabled = true
tracks/0/keys = {
"times": PoolRealArray( 0, 0.2, 0.4, 0.6, 0.8, 1, 1.2, 1.4 ),
"transitions": PoolRealArray( 1, 1, 1, 1, 1, 1, 1, 1 ),
"update": 1,
"values": [ 0, 1, 2, 3, 4, 5, 6, 7 ]
}

[sub_resource type="Animation" id=8]
length = 1.6
step = 0.2
tracks/0/type = "value"
tracks/0/path = NodePath("Jump:frame")
tracks/0/interp = 1
tracks/0/loop_wrap = true
tracks/0/imported = false
tracks/0/enabled = true
tracks/0/keys = {
"times": PoolRealArray( 0, 0.2, 0.4, 0.6, 0.8, 1, 1.2, 1.4 ),
"transitions": PoolRealArray( 1, 1, 1, 1, 1, 1, 1, 1 ),
"update": 1,
"values": [ 0, 1, 2, 3, 4, 5, 6, 7 ]
}

[sub_resource type="Animation" id=9]
resource_name = "Pray"
length = 1.2
tracks/0/type = "value"
tracks/0/path = NodePath("FullHeal:frame")
tracks/0/interp = 1
tracks/0/loop_wrap = true
tracks/0/imported = false
tracks/0/enabled = true
tracks/0/keys = {
"times": PoolRealArray( 0, 0.1, 0.2, 0.3, 0.4, 0.5, 0.6, 0.7, 0.8, 0.9, 1, 1.1 ),
"transitions": PoolRealArray( 1, 1, 1, 1, 1, 1, 1, 1, 1, 1, 1, 1 ),
"update": 1,
"values": [ 0, 1, 2, 3, 4, 5, 6, 7, 8, 9, 10, 11 ]
}

[sub_resource type="Animation" id=10]
length = 1.6
step = 0.2
tracks/0/type = "value"
tracks/0/path = NodePath("Run:frame")
tracks/0/interp = 1
tracks/0/loop_wrap = true
tracks/0/imported = false
tracks/0/enabled = true
tracks/0/keys = {
"times": PoolRealArray( 0, 0.2, 0.4, 0.6, 0.8, 1, 1.2, 1.4 ),
"transitions": PoolRealArray( 1, 1, 1, 1, 1, 1, 1, 1 ),
"update": 1,
"values": [ 0, 1, 2, 3, 4, 5, 6, 7 ]
}

[sub_resource type="RectangleShape2D" id=11]
extents = Vector2( 6.06099, 14.5942 )

[sub_resource type="RectangleShape2D" id=12]
extents = Vector2( 5.66344, 14.6888 )

[node name="Player" type="KinematicBody2D"]
position = Vector2( -40.6872, 12.5542 )
collision_layer = 5
script = ExtResource( 21 )

[node name="HealDuration" type="Timer" parent="."]
one_shot = true

[node name="HealCoolDown" type="Timer" parent="."]
one_shot = true

[node name="FullHealCoolDown" type="Timer" parent="."]
one_shot = true

[node name="Camera2D" type="Camera2D" parent="."]
position = Vector2( 0.324005, -65.9891 )
current = true
zoom = Vector2( 0.4, 0.4 )

[node name="AnimationPlayer" type="AnimationPlayer" parent="."]
anims/Attack = SubResource( 1 )
anims/Death = SubResource( 2 )
anims/Fall = SubResource( 3 )
anims/FullHeal = SubResource( 4 )
anims/Heal = SubResource( 5 )
anims/Hurt = SubResource( 6 )
anims/Idle = SubResource( 7 )
anims/Jump = SubResource( 8 )
anims/Pray = SubResource( 9 )
anims/Run = SubResource( 10 )

[node name="Health" parent="." instance=ExtResource( 2 )]
position = Vector2( -195.701, -180.29 )
scale = Vector2( 0.5, 0.5 )

[node name="Idle" type="Sprite" parent="."]
position = Vector2( 0.178177, -19.2434 )
scale = Vector2( 0.6, 0.6 )
texture = ExtResource( 1 )
hframes = 2
vframes = 4

[node name="Run" type="Sprite" parent="."]
position = Vector2( 0.178177, -19.2434 )
scale = Vector2( 0.6, 0.6 )
texture = ExtResource( 65 )
hframes = 2
vframes = 4

[node name="Attack" type="Sprite" parent="."]
position = Vector2( 0.178177, -19.2434 )
scale = Vector2( 0.6, 0.6 )
texture = ExtResource( 66 )
hframes = 8
vframes = 5

[node name="Jump" type="Sprite" parent="."]
position = Vector2( 0.178177, -19.2434 )
scale = Vector2( 0.6, 0.6 )
texture = ExtResource( 67 )
hframes = 2
vframes = 4

[node name="Fall" type="Sprite" parent="."]
position = Vector2( 0.178177, -19.2434 )
scale = Vector2( 0.6, 0.6 )
texture = ExtResource( 67 )
hframes = 2
vframes = 4

[node name="Heal" type="Sprite" parent="."]
position = Vector2( 0.178177, -19.2434 )
scale = Vector2( 0.6, 0.6 )
texture = ExtResource( 68 )
hframes = 2
vframes = 4

[node name="FullHeal" type="Sprite" parent="."]
position = Vector2( 0.178177, -19.2434 )
scale = Vector2( 0.6, 0.6 )
texture = ExtResource( 3 )
hframes = 20

[node name="Hurt" type="Sprite" parent="."]
position = Vector2( 0.178177, -19.2434 )
scale = Vector2( 0.6, 0.6 )
texture = ExtResource( 4 )
hframes = 2
vframes = 2

[node name="Death" type="Sprite" parent="."]
position = Vector2( 0.178177, -19.2434 )
scale = Vector2( 0.6, 0.6 )
texture = ExtResource( 69 )
hframes = 2
vframes = 2

[node name="PlayerHitBox" type="CollisionShape2D" parent="."]
position = Vector2( 0.808136, -14.5817 )
shape = SubResource( 11 )
one_way_collision_margin = 0.0

[node name="AttackArea" type="Area2D" parent="."]
position = Vector2( 0.178177, -19.2434 )
collision_layer = 2
collision_mask = 2

[node name="AttackCollision" type="CollisionShape2D" parent="AttackArea"]
position = Vector2( 14.2339, 4.6669 )
shape = SubResource( 12 )
disabled = true

[node name="AttackCollision2" type="CollisionShape2D" parent="AttackArea"]
position = Vector2( -14.2438, 4.95715 )
shape = SubResource( 12 )
disabled = true

[node name="AttackSFX" type="AudioStreamPlayer2D" parent="."]
stream = ExtResource( 5 )

[node name="BGM" type="AudioStreamPlayer2D" parent="."]
stream = ExtResource( 6 )

[node name="HurtSFX" type="AudioStreamPlayer2D" parent="."]
stream = ExtResource( 7 )

[node name="TextureRect" type="TextureRect" parent="."]
margin_left = -87.7499
margin_top = -181.596
margin_right = -64.7499
margin_bottom = -161.596
texture = ExtResource( 10 )
expand = true
stretch_mode = 6
__meta__ = {
"_edit_use_anchors_": false
}

[node name="Label" type="Label" parent="TextureRect"]
margin_left = 19.7003
margin_top = 2.99663
margin_right = 51.7003
margin_bottom = 16.9966
custom_fonts/font = ExtResource( 8 )
script = ExtResource( 9 )
__meta__ = {
"_edit_use_anchors_": false
}

[node name="Timer" type="Timer" parent="TextureRect/Label"]

[node name="TextureRect2" type="TextureRect" parent="."]
margin_left = -33.3632
margin_top = -184.569
margin_right = -5.36319
margin_bottom = -159.569
texture = ExtResource( 11 )
expand = true
stretch_mode = 6
__meta__ = {
"_edit_use_anchors_": false
}

[node name="Label" type="Label" parent="TextureRect2"]
margin_left = 24.5148
margin_top = 6.37877
margin_right = 64.5148
margin_bottom = 20.3788
custom_fonts/font = ExtResource( 8 )
script = ExtResource( 12 )
__meta__ = {
"_edit_use_anchors_": false
}

[node name="Timer" type="Timer" parent="TextureRect2/Label"]

[connection signal="body_entered" from="AttackArea" to="." method="_on_AttackArea_body_entered"]
